<record><leader>00000cas a22000007a 4500</leader><controlfield tag="001">11705728</controlfield><controlfield tag="008">850218d18821915wiuwr ne      0    0eng d</controlfield><datafield ind1=" " ind2=" " tag="010"><subfield code="a">sn 85040170 </subfield></datafield><datafield ind1=" " ind2=" " tag="040"><subfield code="a">NPV</subfield><subfield code="b">eng</subfield><subfield code="c">NPV</subfield><subfield code="d">OCLCQ</subfield></datafield><datafield ind1=" " ind2=" " tag="042"><subfield code="a">msc</subfield></datafield><datafield ind1=" " ind2=" " tag="043"><subfield code="a">n-us-wi</subfield></datafield><datafield ind1=" " ind2=" " tag="045"><subfield code="a">w8x1</subfield></datafield><datafield ind1=" " ind2=" " tag="052"><subfield code="a">4123</subfield><subfield code="b">L3</subfield></datafield><datafield ind1="0" ind2=" " tag="130"><subfield code="a">Pick and gad (Shullsburg, Wis. : 1882)</subfield></datafield><datafield ind1="1" ind2="4" tag="245"><subfield code="a">The pick and gad.</subfield></datafield><datafield ind1="1" ind2="7" tag="246"><subfield code="a">Shullsburg pick and gad</subfield></datafield><datafield ind1=" " ind2=" " tag="260"><subfield code="a">Shullsburg, Wis. :</subfield><subfield code="b">T.J. Law,</subfield><subfield code="c">-1915.</subfield></datafield><datafield ind1=" " ind2=" " tag="300"><subfield code="a">33 v. :</subfield><subfield code="b">ill.</subfield></datafield><datafield ind1=" " ind2=" " tag="310"><subfield code="a">Weekly</subfield></datafield><datafield ind1="0" ind2=" " tag="362"><subfield code="a">-v. 33, no. 31 (Feb. 25, 1915).</subfield></datafield><datafield ind1="1" ind2=" " tag="362"><subfield code="a">Began in July, 1882.</subfield><subfield code="z">Cf. Oehlerts, d. Guide to Wis. newspapers.</subfield></datafield><datafield ind1=" " ind2=" " tag="500"><subfield code="a">Publisher varies.</subfield></datafield><datafield ind1=" " ind2=" " tag="500"><subfield code="a">Editors: T.J. Law, &lt;April 17, 1884&gt;; T.J. Law &amp; H. Jane, April 24, 1884-Sept. 6, 1888; T.J. Law, Sept. 13, 1888-Feb. 8, 1906; A.W. Law, Feb. 15, 1906-Jan. 25, 1912.</subfield></datafield><datafield ind1=" " ind2=" " tag="525"><subfield code="a">Supplements accompany some issues.</subfield></datafield><datafield ind1=" " ind2=" " tag="530"><subfield code="a">Available on microfilm from The State Historical Society of Wisconsin.</subfield></datafield><datafield ind1=" " ind2=" " tag="588"><subfield code="a">Description based on: Vol. 2, no. 38 (Apr. 17, 1884).</subfield></datafield><datafield ind1=" " ind2=" " tag="752"><subfield code="a">United States</subfield><subfield code="b">Wisconsin</subfield><subfield code="c">Lafayette</subfield><subfield code="d">Shullsburg.</subfield></datafield><datafield ind1="0" ind2="5" tag="780"><subfield code="t">Shullsburg free press</subfield><subfield code="w">(DLC)sn 85040144</subfield></datafield><datafield ind1="0" ind2="0" tag="785"><subfield code="t">Shullsburg pick and gad</subfield><subfield code="w">(DLC)sn 85040171</subfield></datafield></record>